@Book{baueretal2020,
  title = {Fundamentals of human resource management: People, data, and analytics},
  author = {Talya N. Bauer and Berrin Erdogan and David E. Caughlin and Donald M. Truxillo},
  publisher = {Sage},
  address = {Thousand Oaks, California},
  year = {2020},
}

@incollection{caughlin2019data,
  title={Data Visualizations and Human Resource Management: The State of Science and Practice},
  author={Caughlin, David E and Bauer, Talya N},
  booktitle={Research in Personnel and Human Resources Management},
  year={2019},
  publisher={Emerald Publishing Limited}
}

@MISC{deloitte2018,
  title = {Global human capital trends report 2018},
  author={Deloitte},
  publisher = {Deloitte University Press},
  address = {Westlake, Texas},
  year = {2018},
}

@Manual{mplus,
  title = {Mplus version 8.3.},
  author = {Muthén, B O and Muthén, L K},
  year = {1998-2018},
  address = {Los Angeles, California},
  publisher = {Muthén & Muthén},
}

@Book{xie2015,
  title = {Dynamic Documents with {R} and knitr},
  author = {Yihui Xie},
  publisher = {Chapman and Hall/CRC},
  address = {Boca Raton, Florida},
  year = {2015},
  edition = {2nd},
  note = {ISBN 978-1498716963},
  url = {http://yihui.org/knitr/},
}

@Manual{R-lessR2020,
  title = {lessR: Less Code, More Results},
  author = {David Gerbing},
  year = {2020},
  note = {R package version 3.9.6},
  url = {https://CRAN.R-project.org/package=lessR},
}

@Book{wickham2017,
  title = {{R} for data science: Visualize, model, transform, tidy, and import data},
  author = {Hadley Wickham and Garrett Grolemund},
  publisher = {O'Reilly Media, Inc.},
  address = {Sebastopol, California},
  year = {2017},
  url = {https://r4ds.had.co.nz/n},
}

@Manual{rstudio2020, title = {RStudio: Integrated Development Environment for R}, author = {{RStudio Team}}, organization = {RStudio, PBC.}, address = {Boston, MA}, year = {2020}, url = {http://www.rstudio.com/}, }

